<record><leader>00000cas a2200000 a 4500</leader><controlfield tag="001">32899694</controlfield><controlfield tag="008">950731d19031917nyuwr ne      0    0eng d</controlfield><datafield ind1=" " ind2=" " tag="010"><subfield code="a">sn 95071253 </subfield></datafield><datafield ind1=" " ind2=" " tag="040"><subfield code="a">NYS</subfield><subfield code="b">eng</subfield><subfield code="c">NYS</subfield><subfield code="d">OCLCQ</subfield><subfield code="d">OCLCF</subfield><subfield code="d">OCLCO</subfield></datafield><datafield ind1="1" ind2=" " tag="029"><subfield code="a">AU@</subfield><subfield code="b">000025898278</subfield></datafield><datafield ind1=" " ind2=" " tag="042"><subfield code="a">msc</subfield></datafield><datafield ind1="0" ind2="0" tag="245"><subfield code="a">Sea Cliff news and the Glen Cove news.</subfield></datafield><datafield ind1=" " ind2=" " tag="260"><subfield code="a">Sea Cliff, N.Y. :</subfield><subfield code="b">Fred H. Maidmont</subfield></datafield><datafield ind1=" " ind2=" " tag="300"><subfield code="a">v.</subfield></datafield><datafield ind1=" " ind2=" " tag="310"><subfield code="a">Weekly</subfield></datafield><datafield ind1="1" ind2=" " tag="362"><subfield code="a">Ceased in 1917.</subfield></datafield><datafield ind1="0" ind2=" " tag="362"><subfield code="a">Vol. 20, no. 15 (Feb. 7, 1903)-</subfield></datafield><datafield ind1=" " ind2=" " tag="500"><subfield code="a">Publishers: Fred H. Maidmont, 1903- ; Fred H. &amp; C.G. Maidmont, &lt;1917&gt;.</subfield></datafield><datafield ind1=" " ind2="0" tag="651"><subfield code="a">Sea Cliff (N.Y.)</subfield><subfield code="v">Newspapers.</subfield></datafield><datafield ind1=" " ind2="0" tag="651"><subfield code="a">Glen Cove (N.Y.)</subfield><subfield code="v">Newspapers.</subfield></datafield><datafield ind1=" " ind2="0" tag="651"><subfield code="a">Nassau County (N.Y.)</subfield><subfield code="v">Newspapers.</subfield></datafield><datafield ind1=" " ind2="7" tag="655"><subfield code="a">Newspapers.</subfield><subfield code="2">fast</subfield><subfield code="0">(OCoLC)fst01423814</subfield></datafield><datafield ind1=" " ind2="7" tag="651"><subfield code="a">New York (State)</subfield><subfield code="z">Glen Cove.</subfield><subfield code="2">fast</subfield><subfield code="0">(OCoLC)fst01223314</subfield></datafield><datafield ind1=" " ind2="7" tag="651"><subfield code="a">New York (State)</subfield><subfield code="z">Nassau County.</subfield><subfield code="2">fast</subfield><subfield code="0">(OCoLC)fst01205518</subfield></datafield><datafield ind1=" " ind2="7" tag="651"><subfield code="a">New York (State)</subfield><subfield code="z">Sea Cliff.</subfield><subfield code="2">fast</subfield><subfield code="0">(OCoLC)fst01231462</subfield></datafield><datafield ind1=" " ind2=" " tag="752"><subfield code="a">United States</subfield><subfield code="b">New York</subfield><subfield code="c">Nassau</subfield><subfield code="d">Sea Cliff.</subfield></datafield><datafield ind1="0" ind2="0" tag="780"><subfield code="t">Sea Cliff news (Sea Cliff, N.Y. : 1883)</subfield><subfield code="w">(DLC)sn 95071252</subfield></datafield><datafield ind1="0" ind2="0" tag="785"><subfield code="t">Sea Cliff news (Sea Cliff, N.Y. : 1918)</subfield><subfield code="w">(DLC)sn 95071254</subfield></datafield></record>